@article{lu2009online,
  title={Online and remote motor energy monitoring and fault diagnostics using wireless sensor networks},
  author={Lu, Bin and Gungor, Vehbi C},
  journal={IEEE Transactions on Industrial Electronics},
  volume={56},
  number={11},
  pages={4651--4659},
  year={2009},
  publisher={IEEE}
}

@ARTICLE{7460875, 
 author={},
 journal={IEEE Std 802.15.4-2015 (Revision of IEEE Std 802.15.4-2011)}, 
 title={IEEE Standard for Low-Rate Wireless Networks},
 year={2016}, 
 volume={}, 
 number={}, 
 pages={1-709}, 
 doi={10.1109/IEEESTD.2016.7460875}, 
 ISSN={}, 
 month={April}
}

@BOOK{klaus,
AUTHOR = {Klaus Schwab},
TITLE = {A Quarta Revolução Industrial},
PUBLISHER = {Edipro},
YEAR = {2018},
Edition = {1a edição}
}

@article{gungor2009industrial,
  title={Industrial wireless sensor networks: Challenges, design principles, and technical approaches},
  author={Gungor, Vehbi C and Hancke, Gerhard P},
  journal={IEEE Transactions on industrial electronics},
  volume={56},
  number={10},
  pages={4258--4265},
  year={2009},
  publisher={IEEE}
}

@article{sousa2011desafios,
  title={Desafios em Redes de Sensores sem Fio},
  author={Sousa, Marcelo Portela and Lopes, Waslon Terllizzie A},
  journal={revista de Tecnologia da Informa{\c{c}}{\~a}o e Comunica{\c{c}}{\~a}o},
  volume={1},
  number={1},
  pages={41--47},
  year={2011}
}

@article{delgado2013impact,
  title={On the Impact of Local Processing for Motor Monitoring Systems in Industrial Environments Using Wireless Sensor Networks},
  author={Delgado Gomes, Ruan and Oliveira Adissi, Marc{\'e}u and Cavalcante Lima-Filho, Abel and Spohn, Marco Aur{\'e}lio and Ant{\^o}nio Belo, Francisco},
  journal={International Journal of Distributed Sensor Networks},
  volume={9},
  number={7},
  pages={471917},
  year={2013},
  publisher={SAGE Publications Sage UK: London, England}
}

@article{gomes2012correlation,
  title={Correlation between spectral occupancy and packet error rate in ieee 802.15. 4-based industrial wireless sensor networks},
  author={Gomes, Ruan Delgado and Spohn, Marco Aurelio and Lima, Abel Cavalcante and dos Anjos, Eudisley Gomes and Belo, Francisco Antonio},
  journal={IEEE Latin America Transactions},
  volume={10},
  number={1},
  pages={1312--1318},
  year={2012},
  publisher={IEEE}
}

@article{tuset2020evaluating,
  title={Evaluating IEEE 802.15. 4g SUN for Dependable Low-Power Wireless Communications In Industrial Scenarios},
  author={Tuset-Peir{\'o}, Pere and Gomes, Ruan Delgado and Thubert, Pascal and Vilajosana, Xavier},
  journal={Preprints},
  year={2020},
  publisher={MDPI AG}
}

@inproceedings{gomes2020improving,
  title={Improving Link Reliability of IEEE 802.15. 4g SUN with Adaptive Modulation Diversity},
  author={Gomes, Ruan Delgado and Tuset-Peir{\'o}, Pere and Vilajosana, Xavier},
  booktitle={2020 IEEE 31st Annual International Symposium on Personal, Indoor and Mobile Radio Communications},
  pages={1--7},
  year={2020},
  organization={IEEE}
}

@article{gomes2017estimaccao,
  title={Estima{\c{c}}{\~a}o de qualidade de enlace e aloca{\c{c}}{\~a}o din{\^a}mica de canais em redes de sensores sem fio industriais.},
  author={Gomes, Ruan Delgado and others},
  year={2017},
  publisher={Universidade Federal de Campina Grande}
}

@article{gomes2014desafios,
  title={Desafios de redes de sensores sem fio industriais},
  author={Gomes, Ruan D and Alencar, Marcelo S and Fonseca, Iguatemi E and Lima Filho, Abel C},
  journal={Revista de Tecnologia da Informa{\c{c}}{\~a}o e Comunica{\c{c}}{\~a}o},
  volume={4},
  number={1},
  pages={16--27},
  year={2014}
}

@book{goldsmith2005wireless,
  title     = {Wireless communications},
  author    = {Goldsmith, Andrea},
  year      = {2005},
  publisher = {Cambridge university press}
}

@book{rappaport2009,
  author    = {Rappaport, Theodore S.},
  title     = {Comunicações Sem Fio},
  subtitle  = {Princípios e Práticas},
  publisher = {Pearson Education},
  note      = {Segunda Edição},
  isbn      = {978-85-7605-198-5},
  year      = {2009}
}

@misc{gitGcompi,
  author       = {Gomes, Ruan, D},
  title        = {GComPI-IFPB/IEEE802154g-adaptive-modulation},
  year         = {2021},
  publisher    = {GitHub},
  journal      = {GitHub repository},
  howpublished = {\url{https://github.com/GComPI-IFPB/IEEE802154g-adaptive-modulation}}
}

@misc{GitDiego,
  author       = {Medeiros, Diego and Gomes, Ruan, D},
  title        = {DiegomMedeiros/IEEE802154g-adaptive-modulation},
  year         = {2021},
  publisher    = {GitHub},
  journal      = {GitHub repository},
  howpublished = {\url{https://github.com/DiegomMedeiros/IEEE802154g-adaptive-modulation}}
}

